<?xml version="1.0" encoding="UTF-8"?><collection xmlns="http://www.loc.gov/MARC21/slim"><record><leader>00460nam--2200145-i-4500</leader><controlfield tag="001">000023362</controlfield><controlfield tag="002">20161230</controlfield><controlfield tag="005">20161230201035</controlfield><controlfield tag="008">060222s1000------------r-----000-0-eng-d</controlfield><datafield ind1=" " ind2=" " tag="080"><subfield code="a">537.622(043):621.76</subfield></datafield><datafield ind1=" " ind2=" " tag="100"><subfield code="a">Hamelin, Andre</subfield></datafield><datafield ind1=" " ind2=" " tag="245"><subfield code="a">Segegation aux joint de grains dans les ferrites de manganese et consequence sur la resistance electrique. these</subfield></datafield><datafield ind1=" " ind2=" " tag="260"><subfield code="a">Paris, Univ. De Paris-sud, Centre D`Orsay, 1972. 122 P</subfield></datafield><datafield ind1=" " ind2=" " tag="490"><subfield code="a">These</subfield></datafield><datafield ind1=" " ind2=" " tag="852"><subfield code="a">40382</subfield></datafield></record></collection>